@inproceedings{ColtonCountdown,
  title={Countdown Numbers Game: Solved, Analysed, Extended},
  author={Simon Colton},
  year={2014}
}

@article{ZipfHuman,
  title={Human behavior and the principle of least effort.},
  author={Zipf, George Kingsley},
  year={1949},
  publisher={addison-wesley press}
}